% Encoding: UTF-8

@PhdThesis{Femmer2015,
  author      = {Femmer, Tim},
  title       = {Rapid Prototyping of Membranes and Membrane Devices},
  institution = {RWTH Aachen University},
  year        = {2015},
}


@Comment{jabref-meta: databaseType:biblatex;}
